@misc{wachowski99matrix,
	author = {Andy Wachowski, Lana Wachowski},
	title = "The Matrix",
	year = "1999"
}

@misc{wachowski03reloaded,
	author = {Andy Wachowski, Lana Wachowski},
	title = "The Matrix Reloaded",
	year = "2003"
}

@inproceedings{borshukov05universal,
  title={Universal capture-image-based facial animation for The Matrix Reloaded},
  author={Borshukov, George and Piponi, Dan and Larsen, Oystein and Lewis, John P and Tempelaar-Lietz, Christina},
  booktitle={ACM Siggraph 2005 Courses},
  pages={16},
  year={2005},
  organization={ACM}
}

@book{hartley03multiview,
  title={Multiple view geometry in computer vision},
  author={Hartley, Richard and Zisserman, Andrew},
  year={2003},
  publisher={Cambridge university press}
}

@book{szeliski10vision,
  title={Computer vision: algorithms and applications},
  author={Szeliski, Richard},
  year={2010},
  publisher={Springer}
}

@book{trucco1998introductory,
  title={Introductory techniques for 3-D computer vision},
  author={Trucco, Emanuele and Verri, Alessandro},
  volume={201},
  year={1998},
  publisher={Prentice Hall Englewood Cliffs}
}

@article{rieke2009evaluation,
  title={Evaluation of the geometric stability and the accuracy potential of digital camerasâ€”Comparing mechanical stabilisation versus parameterisation},
  author={Rieke-Zapp, D and Tecklenburg, W and Peipe, J and Hastedt, H and Haig, Claudia},
  journal={ISPRS Journal of Photogrammetry and Remote Sensing},
  volume={64},
  number={3},
  pages={248--258},
  year={2009},
  publisher={Elsevier}
}
@book{wilson2004anton,
  title={Anton Wilson's cinema workshop},
  author={Wilson, Anton},
  year={2004},
  publisher={American Cinematographer}
}
@inproceedings{lowe1999object,
  title={Object recognition from local scale-invariant features},
  author={Lowe, David G},
  booktitle={Computer vision, 1999. The proceedings of the seventh IEEE international conference on},
  volume={2},
  pages={1150--1157},
  year={1999},
  organization={Ieee}
}

misc{wu2007siftgpu,
  title={SiftGPU: A GPU implementation of scale invariant feature transform (SIFT)},
  author={Wu, Changchang},
  year={2007}
}

@misc{changchang2007siftgpu,
  title={SiftGPU: a GPU implementation of scale invariant feature transform (SIFT)},
  author={Changchang, Wu},
  journal={2007)[2013-01]. http://cs. unc. edu/o-ccwu/siftgpu}
}
@article{hollsten2013imagequality,
  title={The effect of image quality on the reconstruction of 3D geometry from photographs},
  author={Hollsten, Fredrik},
  year={2013}
}
@inproceedings{kyto2011method,
  title={Method for measuring stereo camera depth accuracy based on stereoscopic vision},
  author={Kyt{\"o}, Mikko and Nuutinen, Mikko and Oittinen, Pirkko},
  booktitle={IS\&T/SPIE Electronic Imaging},
  pages={78640I--78640I},
  year={2011},
  organization={International Society for Optics and Photonics}
}

@inproceedings{goesele2007multi,
  title={Multi-view stereo for community photo collections},
  author={Goesele, Michael and Snavely, Noah and Curless, Brian and Hoppe, Hugues and Seitz, Steven M},
  booktitle={Computer Vision, 2007. ICCV 2007. IEEE 11th International Conference on},
  pages={1--8},
  year={2007},
  organization={IEEE}
}
@inproceedings{furukawa2010towards,
  title={Towards internet-scale multi-view stereo},
  author={Furukawa, Yasutaka and Curless, Brian and Seitz, Steven M and Szeliski, Richard},
  booktitle={Computer Vision and Pattern Recognition (CVPR), 2010 IEEE Conference on},
  pages={1434--1441},
  year={2010},
  organization={IEEE}
}
@article{okutomi1993multiple,
  title={A multiple-baseline stereo},
  author={Okutomi, Masatoshi and Kanade, Takeo},
  journal={Pattern Analysis and Machine Intelligence, IEEE Transactions on},
  volume={15},
  number={4},
  pages={353--363},
  year={1993},
  publisher={IEEE}
}

@inproceedings{seitz2006comparison,
  title={A comparison and evaluation of multi-view stereo reconstruction algorithms},
  author={Seitz, Steven M and Curless, Brian and Diebel, James and Scharstein, Daniel and Szeliski, Richard},
  booktitle={Computer vision and pattern recognition, 2006 IEEE Computer Society Conference on},
  volume={1},
  pages={519--528},
  year={2006},
  organization={IEEE}
}
@inproceedings{pollefeys1999hand,
  title={Hand-held acquisition of 3D models with a video camera},
  author={Pollefeys, Marc and Koch, Reinhard and Vergauwen, Maarten and Van Gool, Luc},
  booktitle={3-D Digital Imaging and Modeling, 1999. Proceedings. Second International Conference on},
  pages={14--23},
  year={1999},
  organization={IEEE}
}
@inproceedings{zisserman1995metric,
  title={Metric calibration of a stereo rig},
  author={Zisserman, Andrew and Beardsley, Paul and Reid, Ian D},
  booktitle={Representation of Visual Scenes, 1995.(In Conjuction with ICCV'95), Proceedings IEEE Workshop on},
  pages={93--100},
  year={1995},
  organization={IEEE}
}
