-- vim: foldmethod=marker foldenable
-- TODO: kaikki kentät kuntoon (esim. hollsten, missä mainittu, oikea artsutyyppi)
-- kommentit suomeks jotta niitä vois etsiä enkun seasta kätevästi heh

-- kirjat optiikasta {{{
% different designs along the lens history
@book{kingslake1989history,
  title={A history of the photographic lens},
  author={Kingslake, Rudolf},
  year={1989},
  publisher={Elsevier}
}
% nice cinematic things but ebook not anymore available
@book{wilson2004anton,
  title={Anton Wilson's cinema workshop},
  author={Wilson, Anton},
  year={2004},
  publisher={American Cinematographer}
}
% good low level stuff on how light behaves; stops, resolving power, lenses, magnifications and all that
@book{greenleaf1950photographic,
  title={Photographic optics},
  author={Greenleaf, Allen R},
  year={1950},
  publisher={Macmillan}
}
% optics in a more practical sense
@book{kingslake1992optics,
  title={Optics in photography},
  author={Kingslake, Rudolf},
  volume={6},
  year={1992},
  publisher={SPIE Press}
}
@book{gibson1950perception,
  title={The perception of the visual world.},
  author={Gibson, James J},
  year={1950},
  publisher={Houghton Mifflin}
}

% }}}
-- kirjat kuvankäsittelystä yleisesti {{{
% not in ebook form :(
@book{wolberg1990digital,
  title={Digital image warping},
  author={Wolberg, George},
  volume={10662},
  year={1990},
  publisher={IEEE computer society press Los Alamitos, CA}
}
% fundamentals
@book{pitas2000digital,
  title={Digital image processing algorithms and applications},
  author={Pitas, Ioannis},
  year={2000},
  publisher={John Wiley \& Sons}
}
% video compression and also video methods in general
@book{richardson2004h264,
  title={H. 264 and MPEG-4 video compression: video coding for next-generation multimedia},
  author={Richardson, Iain E},
  year={2004},
  publisher={John Wiley \& Sons}
}


% }}}
-- kirjat konenäöstä/3d:stä {{{
% tutorial
@inproceedings{pollefeys2004visual,
  title={Visual {3D} Modeling from Images.},
  author={Pollefeys, Marc},
  booktitle={VMV},
  pages={3},
  year={2004}
}
% bayesian, discriminant analysis, windowing
@book{duda1973pattern,
  title={Pattern classification and scene analysis},
  author={Duda, Richard O and Hart, Peter E and others},
  volume={3},
  year={1973},
  publisher={Wiley New York}
}
% all the things in camera imaging, colors, pyramids, wavelets, features, segmentation, sfm, stereo, rendering, recognition
@book{szeliski10vision,
  title={Computer vision: algorithms and applications},
  author={Szeliski, Richard},
  year={2010},
  publisher={Springer}
}
% projective geom, ambiguity, dlt, camera geom, lines and conics, 2+3+n-view, autocalib, shape basis in faces; collections of papers
@book{hartley03multiview,
  title={Multiple view geometry in computer vision},
  author={Hartley, Richard and Zisserman, Andrew},
  year={2003},
  publisher={Cambridge university press}
}
% images of things. radiometry, intensity images, noise, features, snake, calib, motion, single-image cues, recognition. algos given.
@book{trucco1998introductory,
  title={Introductory techniques for {3-D} computer vision},
  author={Trucco, Emanuele and Verri, Alessandro},
  volume={201},
  year={1998},
  publisher={Prentice Hall Englewood Cliffs}
}
% plain theory on mvs, projective geometry nicely, homogeneous, right at the level of this thesis
@article{heyden2005multiple,
  title={Multiple view geometry},
  author={Heyden, Anders and Pollefeys, Marc},
  journal={Emerging Topics in Computer Vision},
  pages={45--107},
  year={2005},
  publisher={Prentice Hall PTR}
}

% }}}
-- leffat/pelit (TODO book?) {{{
% just optical flow
@book{wachowski99matrix,
	author = {Andy Wachowski and Lana Wachowski},
	title = "The Matrix (film)",
	year = "1999",
	publisher = {Warner Bros. Pictures}
}
% application for universal capture
@book{wachowski03reloaded,
	author = {Andy Wachowski and Lana Wachowski},
	title = "The Matrix Reloaded (film)",
	year = "2003",
	publisher = {Warner Bros. Pictures}
}
% di3d face capture here
@book{rockstar2011noire,
	author = {Team Bondi},
	title = "L.A. Noire (video game)",
	year = "2011",
	publisher = {Rockstar Games}
}
-- }}}
-- optiikka {{{
% the old original with both radial and decentering errors
@article{brown1966decentering,
  title={Decentering distortion of lenses},
  author={Brown, Duane C},
  journal={Photometric Engineering},
  volume={32},
  number={3},
  pages={444--462},
  year={1966}
}
@article{brown1971close,
  title={Close-range camera calibration},
  author={Brown, Duane C},
  journal={Photogramm. Eng},
  volume={37},
  pages={855--866},
  year={1971}
}
@misc{channelsystems2009fundamentals,
  title={Fundamentals of selecting a lens},
  author={{Channel Systems Inc.}},
  howpublished={\url{http://cdn.metricmarketing.ca/www.machinevision.ca/files/Support_Documents_and_Downloads/FundamentalsOfSelectingaLens.pdf}},
  year={2009},
  note={Accessed 2014-11-09}
}
@misc{sick2006machine,
  title={Machine Vision Introduction},
  author={{Sick Integrated Vision Products AB}},
  howpublished={\url{www.sick.com/uk/en-uk/home/products/product_portfolio/Documents/Machine Vision Introduction2_2_web.pdf}},
  year={2006},
  note={Accessed 2014-11-09}
}
@inproceedings{villiers2008centi,
  title={Centi-pixel accurate real-time inverse distortion correction},
  author={De Villiers, Jason P and Leuschner, F Wilhelm and Geldenhuys, Ronelle},
  booktitle={International Symposium on Optomechatronic Technologies},
  pages={1--8},
  volume={7266/11},
  year={2008},
  organization={International Society for Optics and Photonics}
}
% }}}
-- kuvankäsittely {{{

% 
@misc{park2003implementing,
  title={Implementing Image-Processing Pipelines in Digital Cameras},
  author={{Jong B. Park}},
  howpublished={\url{http://scien.stanford.edu/pages/labsite/2003/psych221/projects/03/piquant/index.htm}},
  year={2003},
  note={Accessed 2014-11-08}
}
% the original sift, gradient histograms
@inproceedings{lowe1999object,
  title={Object recognition from local scale-invariant features},
  author={Lowe, David G},
  booktitle={The proceedings of the seventh IEEE international conference on Computer vision},
  volume={2},
  pages={1150--1157},
  year={1999},
  organization={IEEE}
}
% 2d haar wavelets, integral images; like sift, faster
@incollection{bay2006surf,
  title={Surf: Speeded up robust features},
  author={Bay, Herbert and Tuytelaars, Tinne and Van Gool, Luc},
  booktitle={Computer Vision--ECCV 2006},
  pages={404--417},
  year={2006},
  publisher={Springer}
}
% harris corner detector using "autocorrelation", actually ssd, improved from moravec
@inproceedings{harris1988combined,
  title={A combined corner and edge detector.},
  author={Harris, Chris and Stephens, Mike},
  booktitle={Alvey vision conference},
  volume={15},
  pages={50},
  year={1988},
  organization={Manchester, UK}
}
% derivatives, kernels etc. basic things
@article{marr1980theory,
  author = {Marr, D. and Hildreth, E.},
  title = {Theory of Edge Detection},
  volume = {207},
  number = {1167},
  pages = {187--217},
  year = {1980},
  doi = {10.1098/rspb.1980.0020},
  publisher = {The Royal Society},
  issn = {0080-4649},
  journal = {Proceedings of the Royal Society of London B: Biological Sciences}
}

% }}}
-- 3d rekonstruktio kokonaisissa isommissa suursovelluksissa (jaa pienemmiks) {{{
@misc{ir-ltd,
  title={Infinite Realities},
  author={{IR-Enterntainment Ltd.}},
  howpublished={\url{http://ir-ltd.net}},
  note={Accessed 2014-10-21}
}
@misc{canonmuseum50mm,
  title={{EF50mm f/1.8 II}},
  author={{Canon Camera Museum}},
  howpublished={\url{http://www.canon.com/camera-museum/lens/ef/data/standard/ef_50_18ii.html}},
  note={Accessed 2015-05-09}
}
@misc{ten24,
  title={Ten 24 {3D} scanning service},
  author={{Ten24}},
  howpublished={\url{http://www.ten24.info}},
  note={Accessed 2014-10-21}
}
@misc{capturelab,
  title={Likeness Capture},
  author={{The Capture Lab Inc.}},
  howpublished={\url{http://www.capturelab.com/likeness-capture/}},
  note={Accessed 2014-10-21}
}
@misc{eafifa14,
  title={How {EA} brings your {FIFA} 14 players to photo-realistic life},
  author={{Techradar}},
  howpublished={\url{http://www.techradar.com/news/gaming/how-ea-brings-your-fifa-players-to-photo-realistic-life-1139060}},
  note={Accessed 2014-10-21}
}
@misc{agisoftforum,
  title={{Community Forum}},
  author={{Agisoft}},
  howpublished={\url{http://www.agisoft.com/forum/}},
  note={Accessed 2014-10-21}
}

@misc{photoscanalgorithms,
  title={Topic: Algorithms used in PhotoScan},
  author={{Agisoft Community Forum}},
  howpublished={\url{http://www.agisoft.com/forum/index.php?topic=89.0}},
  note={Accessed 2014-10-21}
}
http://www.ten24.info/ten24/?page_id=299
% shirt sequence: detection if it's there, not reconstruction
@inproceedings{pilet2005real,
  title={Real-time nonrigid surface detection},
  author={Pilet, Julien and Lepetit, Vincent and Fua, Pascal},
  booktitle={IEEE Computer Society Conference on Computer Vision and Pattern Recognition (CVPR)},
  volume={1},
  pages={822--828},
  year={2005},
  organization={IEEE}
}
% 3dflow samantha depth maps and markov depth ranges
@article{toldo2013accurate,
  title={Accurate Multiview Stereo Reconstruction with Fast Visibility Integration and Tight Disparity Bounding},
  author={Toldo, R and Fantinia, F and Gionaa, L and Fantonia, S and Fusiellob, A},
  journal={ISPRS-International Archives of the Photogrammetry, Remote Sensing and Spatial Information Sciences},
  volume={1},
  number={1},
  pages={243--249},
  year={2013},
  publisher={Citeseer}
}
% 3dflow samantha, more depth map filtering and good mvs background
@phdthesis{toldo2013towards,
  title={Towards automatic acquisition of high-level 3D models from images},
  author={Toldo, Roberto},
  year={2013},
  school={Verona University}
}
% end-to-end system from video seq to face models, sync video cams, structured light, faceik, ...
@incollection{zhang2007spacetime,
  title={Spacetime Faces: High-Resolution Capture for Modeling and Animation},
  author={Zhang, Li and Snavely, Noah and Curless, Brian and Seitz, Steven M},
  booktitle={Data-Driven 3D Facial Animation},
  pages={248--276},
  year={2007},
  publisher={Springer}
}
% structured light, MV cams, registration, graph refinement, textured surface
@article{li2009robust,
 author = {Li, Hao and Adams, Bart and Guibas, Leonidas J. and Pauly, Mark},
 title = {Robust Single-view Geometry and Motion Reconstruction},
 journal = {ACM Transactions on Graphics},
 issue_date = {December 2009},
 volume = {28},
 number = {5},
 month = dec,
 year = {2009},
 issn = {0730-0301},
 pages = {175:1--175:10},
 articleno = {175},
 numpages = {10},
 url = {http://doi.acm.org/10.1145/1618452.1618521},
 doi = {10.1145/1618452.1618521},
 acmid = {1618521},
 publisher = {ACM},
 address = {New York, NY, USA},
 keywords = {3D scanning, animation reconstruction, geometry synthesis, non-rigid registration, partial scans, template tracking},
}
% selfcal, sequential vs extended sfm, castle sequence, twisted rectification
@inproceedings{pollefeys1999hand,
  title={Hand-held acquisition of 3D models with a video camera},
  author={Pollefeys, Marc and Koch, Reinhard and Vergauwen, Maarten and Van Gool, Luc},
  booktitle={Proceedings on Second International Conference on 3-D Digital Imaging and Modeling},
  pages={14--23},
  year={1999},
  organization={IEEE}
}
% flickr, clustering (cmvs), visibility consistency, quality filter
@inproceedings{furukawa2010towards,
  title={Towards internet-scale multi-view stereo},
  author={Furukawa, Yasutaka and Curless, Brian and Seitz, Steven M and Szeliski, Richard},
  booktitle={IEEE Conference on Computer Vision and Pattern Recognition (CVPR)},
  pages={1434--1441},
  year={2010},
  organization={IEEE}
}
% subsurface scattering in marble statues, motorized gantry, small photos and a laser
@inproceedings{levoy2000digital,
  title={The digital Michelangelo project: 3D scanning of large statues},
  author={Levoy, Marc and Pulli, Kari and Curless, Brian and Rusinkiewicz, Szymon and Koller, David and Pereira, Lucas and Ginzton, Matt and Anderson, Sean and Davis, James and Ginsberg, Jeremy and others},
  booktitle={Proceedings of the 27th annual conference on Computer graphics and interactive techniques},
  pages={131--144},
  year={2000},
  organization={ACM Press/Addison-Wesley Publishing Co.}
}
% single page paper on pro cameras and tex and motion
@inproceedings{borshukov05universal,
 author = {Borshukov, George and Piponi, Dan and Larsen, Oystein and Lewis, J. P. and Tempelaar-Lietz, Christina},
 title = {Universal Capture: Image-based Facial Animation for "The Matrix Reloaded"},
 booktitle = {ACM SIGGRAPH 2003 Sketches \& Applications},
 series = {SIGGRAPH '03},
 year = {2003},
 location = {San Diego, California},
 pages = {1--1},
 numpages = {1},
 url = {http://doi.acm.org/10.1145/965400.965469},
 doi = {10.1145/965400.965469},
 acmid = {965469},
 publisher = {ACM},
 address = {New York, NY, USA},
}
% application on internet photos
@inproceedings{goesele2007multi,
  title={Multi-view stereo for community photo collections},
  author={Goesele, Michael and Snavely, Noah and Curless, Brian and Hoppe, Hugues and Seitz, Steven M},
  booktitle={IEEE 11th International Conference on Computer Vision (ICCV)},
  pages={1--8},
  year={2007},
  organization={IEEE}
}

% }}}
-- kamerajutut {{{
@book{poynton1996technical,
  title={A technical introduction to digital video},
  author={Poynton, Charles A},
  year={1996},
  publisher={J. Wiley}
}
@book{musburger2010single,
  title={Single-camera video production},
  author={Musburger, Robert B},
  year={2010},
  publisher={Taylor \& Francis}
}
% XXX http://www.sony.co.uk/pro/product/broadcast-products-camcorders-hdcam/hdw-f900r/overview/
@misc{sonyhdwf900r,
  title={{HDWF900R}},
  author={{Sony Corporation}},
  howpublished={\url{https://pro.sony.com/bbsc/ssr/product-HDWF900R/}},
  note={Accessed 2014-11-09}
}
% machine vision bus glossary
@misc{ni2013choosing,
  title={Choosing the right camera bus},
  author={{National Instruments}},
  howpublished={\url{http://www.ni.com/white-paper/5386/en/}},
  year={2013},
  note={Accessed 2014-11-08}
}
% photography in practice
@book{langford2000basic,
  title={Basic photography},
  author={Langford, Michael},
  year={2000},
  publisher={Taylor \& Francis}
}
% both cmos and ccd stuff
@article{el2005cmos,
  title={{CMOS} image sensors},
  author={El Gamal, Abbas and Eltoukhy, Helmy},
  journal={IEEE Circuits and Devices Magazine},
  volume={21},
  number={3},
  pages={6--20},
  year={2005},
  publisher={IEEE}
}
% a nice book on imaging
@book{nakamura2005image,
  title={Image sensors and signal processing for digital still cameras},
  author={Nakamura, Junichi},
  year={2005},
  publisher={CRC Press}
}
% some simple comparison and technologies
@article{litwiller2001ccd,
  title={{CCD vs. CMOS}},
  author={Litwiller, Dave},
  journal={Photonics Spectra},
  volume={35},
  number={1},
  pages={154--158},
  year={2001}
}
% not particularly academic but cited all over
@misc{caspeelectronic,
  title={How an electronic shutter works in a {CMOS} camera},
  author={{Bob Caspe}},
  howpublished={\url{http://caspegroup.com/How an electronic shutter works in a CMOS camera.pdf}},
  note={Accessed 2014-11-08}
}
% on electronic shutters
@misc{kodakshutter,
  title={Application note: Shutter operations for {CCD} and {CMOS} image sensors},
  author={{Kodak}},
  howpublished={\url{http://www.isgchips.com/pdf/Shutter_Operations_Kodak_App_Note.pdf}},
  note={Accessed 2014-11-08}
}
% rather big shutter lag comparison table and explanations
@misc{hasshutterlag,
  title={Shutter lag and startup time comparison},
  author={{Calvin Hass, ImpulseAdventure}},
  howpublished={\url{http://www.impulseadventure.com/photo/shutter-lag.html}},
  note={Accessed 2014-11-08}
}
% cmos/ccd technologies
@article{taylor1998ccd,
  title={{CCD and CMOS} imaging array technologies: technology review},
  author={Taylor, Stuart A and others},
  journal={Relatorio Tecnico EPC-1998-106, Cambridge Laboratory},
  year={1998}
}
% canon specs for newest pro dslr
@misc{eos1dx,
  title={{EOS-1D X}},
  author={{Canon}},
  howpublished={\url{http://cpn.canon-europe.com/content/education/technical/eos_1d_x_explained.do}},
  note={Accessed 2014-11-08}
}
@article{nicodemus1965directional,
  title={Directional reflectance and emissivity of an opaque surface},
  author={Nicodemus, Fred E},
  journal={Applied Optics},
  volume={4},
  number={7},
  pages={767--773},
  year={1965},
  publisher={Optical Society of America}
}
% miika's material reflectivity properties capture
@article{aittala2013practical,
 author = {Aittala, Miika and Weyrich, Tim and Lehtinen, Jaakko},
 title = {Practical SVBRDF Capture in the Frequency Domain},
 journal = {ACM Transactions on Graphics},
 issue_date = {July 2013},
 volume = {32},
 number = {4},
 month = jul,
 year = {2013},
 issn = {0730-0301},
 pages = {110:1--110:12},
 articleno = {110},
 numpages = {12},
 url = {http://doi.acm.org/10.1145/2461912.2461978},
 doi = {10.1145/2461912.2461978},
 acmid = {2461978},
 publisher = {ACM},
 address = {New York, NY, USA},
 keywords = {SVBRDF, appearance capture, fourier analysis, reflectance},
}
% extensive descriptions of rolling shutter, perspproj with roll distortion, velocity estimation
@incollection{ait2006simultaneous,
  title={Simultaneous object pose and velocity computation using a single view from a rolling shutter camera},
  author={Ait-Aider, Omar and Andreff, Nicolas and Lavest, Jean Marc and Martinet, Philippe},
  booktitle={Computer Vision--ECCV 2006},
  pages={56--68},
  year={2006},
  publisher={Springer}
}
% flash or optical flow sync, noise vs motion blur trade off, virtual exposure
@inproceedings{bradley2009synchronization,
  title={Synchronization and rolling shutter compensation for consumer video camera arrays},
  author={Bradley, Derek and Atcheson, Bradley and Ihrke, Ivo and Heidrich, Wolfgang},
  booktitle={IEEE Computer Society Conference on Computer Vision and Pattern Recognition Workshops (CVPR)},
  pages={1--8},
  year={2009},
  organization={IEEE}
}
-- 3d-algo basics etc and the comparison, also website
@inproceedings{seitz2006comparison,
  title={A comparison and evaluation of multi-view stereo reconstruction algorithms},
  author={Seitz, Steven M and Curless, Brian and Diebel, James and Scharstein, Daniel and Szeliski, Richard},
  booktitle={IEEE Computer Society Conference on Computer vision and pattern recognition},
  volume={1},
  pages={519--528},
  year={2006},
  organization={IEEE}
}
% pure homography thesis
@phdthesis{dubrofsky2009homography,
  title={Homography estimation},
  author={Dubrofsky, Elan},
  year={2009},
  school={{University of British Columbia}}
}
% analysis of the orignal and normalization things
@article{hartley1997defense,
  title={In defense of the eight-point algorithm},
  author={Hartley, Richard I},
  journal={IEEE Transactions on Pattern Analysis and Machine Intelligence},
  volume={19},
  number={6},
  pages={580--593},
  year={1997},
  publisher={IEEE}
}

% }}}
-- 3d kalibrointi etc {{{

% dunno. mannequin head with texture scanned, errors measured
@article{winder2008technical,
  title={Technical validation of the {Di3D} stereophotogrammetry surface imaging system},
  author={Winder, RJ and Darvann, Tron Andre and McKnight, Wesley and Magee, JDM and Ramsay-Baggs, P},
  journal={British Journal of Oral and Maxillofacial Surgery},
  volume={46},
  number={1},
  pages={33--37},
  year={2008},
  publisher={Elsevier}
}
% mentions 3d; testing ~10 different cameras and giving measurement errors finally
@article{rieke2009evaluation,
 title = "Evaluation of the geometric stability and the accuracy potential of digital cameras — Comparing mechanical stabilisation versus parameterisation ",
 journal = "{ISPRS} Journal of Photogrammetry and Remote Sensing ",
 volume = "64",
 number = "3",
 pages = "248 - 258",
 year = "2009",
 note = "Theme Issue: Image Analysis and Image Engineering in Close Range Photogrammetry ",
 issn = "0924-2716",
 doi = "http://dx.doi.org/10.1016/j.isprsjprs.2008.09.010",
 url = "http://www.sciencedirect.com/science/article/pii/S0924271608001068",
 author = "D. Rieke-Zapp and W. Tecklenburg and J. Peipe and H. Hastedt and Claudia Haig",
 keywords = "Geometric stability",
 keywords = "Camera calibration",
 keywords = "Accuracy assessment",
 keywords = "Digital camera ",
}
% master thesis, image analysis, compression effects and tests, noise, blur
@mastersthesis{hollsten2013imagequality,
  author={Hollsten, Fredrik},
  title={The effect of image quality on the reconstruction of {3D} geometry from photographs},
  school={Aalto University School of Science},
  year={2013}
}
% depth resolution dZ, perceptual measurements
@inproceedings{kyto2011method,
  title={Method for measuring stereo camera depth accuracy based on stereoscopic vision},
  author={Kyt{\"o}, Mikko and Nuutinen, Mikko and Oittinen, Pirkko},
  booktitle={IS\&T/SPIE Electronic Imaging},
  pages={78640I--78640I},
  year={2011},
  organization={International Society for Optics and Photonics}
}
% homography math, "this is equivalent to knowing the internal parameters" (TODO)
@inproceedings{zisserman1995metric,
  title={Metric calibration of a stereo rig},
  author={Zisserman, Andrew and Beardsley, Paul and Reid, Ian D},
  booktitle={IEEE Proceedings Workshop on Representation of Visual Scenes (In Conjuction with ICCV'95)},
  pages={93--100},
  year={1995},
  organization={IEEE}
}
% multicamselfcal laser pointer
@article{svoboda2005convenient,
  title={A convenient multicamera self-calibration for virtual environments},
  author={Svoboda, Tom{\'a}{\v{s}} and Martinec, Daniel and Pajdla, Tom{\'a}{\v{s}} },
  journal={PRESENCE: teleoperators and virtual environments},
  volume={14},
  number={4},
  pages={407--422},
  year={2005},
  publisher={MIT Press}
}
% not that new anymore; closed form solution; the tea tin, error analysis
@article{zhang2000flexible,
  title={A flexible new technique for camera calibration},
  author={Zhang, Zhengyou},
  journal={IEEE Transactions on Pattern Analysis and Machine Intelligence},
  volume={22},
  number={11},
  pages={1330--1334},
  year={2000},
  publisher={IEEE}
}

% }}}
-- 3d erikoissovellukset {{{

% "essential algorithms", formulation of the slam problem
@article{durrant2006simultaneous,
  title={Simultaneous localization and mapping: part I},
  author={Durrant-Whyte, Hugh and Bailey, Tim},
  journal={IEEE Robotics \& Automation Magazine},
  volume={13},
  number={2},
  pages={99--110},
  year={2006},
  publisher={IEEE}
}
% old lowres single pic, dynamics, face model
@inproceedings{decarlo1996integration,
  title={The integration of optical flow and deformable models with applications to human face shape and motion estimation},
  author={DeCarlo, Douglas and Metaxas, Dimitris},
  booktitle={IEEE Computer Society Conference on Computer Vision and Pattern Recognition, Proceedings CVPR},
  pages={231--238},
  year={1996},
  organization={IEEE}
}
% single pics, lip contours, face database
@article{chuang2002performance,
  title={Performance driven facial animation using blendshape interpolation},
  author={Chuang, Erika and Bregler, Chris},
  journal={Computer Science Technical Report, Stanford University},
  volume={2},
  number={2},
  pages={3},
  year={2002}
}
% actual registration of reconstruction onto 3d sensor data
@article{zhao2005alignment,
  title={Alignment of continuous video onto 3D point clouds},
  author={Zhao, Wenyi and Nister, David and Hsu, Steve},
  journal={IEEE Transactions on Pattern Analysis and Machine Intelligence},
  volume={27},
  number={8},
  pages={1305--1318},
  year={2005},
  publisher={IEEE}
}
% restricted screw motion, projective ambiguity, point tracking
@inproceedings{fitzgibbon1998automatic,
 author = {Fitzgibbon, Andrew W. and Cross, Geoff and Zisserman, Andrew},
 title = {Automatic {3D} Model Construction for Turn-Table Sequences},
 booktitle = {Proceedings of the European Workshop on 3D Structure from Multiple Images of Large-Scale Environments},
 series = {SMILE'98},
 year = {1998},
 isbn = {3-540-65310-4},
 pages = {155--170},
 numpages = {16},
 url = {http://dl.acm.org/citation.cfm?id=646488.694783},
 acmid = {694783},
 publisher = {Springer-Verlag},
 address = {London, UK, UK},
}
@article{bickel2007multi,
 author = {Bickel, Bernd and Botsch, Mario and Angst, Roland and Matusik, Wojciech and Otaduy, Miguel and Pfister, Hanspeter and Gross, Markus},
 title = {Multi-scale Capture of Facial Geometry and Motion},
 journal = {ACM Transactions on Graphics},
 issue_date = {July 2007},
 volume = {26},
 number = {3},
 month = jul,
 year = {2007},
 issn = {0730-0301},
 articleno = {33},
 url = {http://doi.acm.org/10.1145/1276377.1276419},
 doi = {10.1145/1276377.1276419},
 acmid = {1276419},
 publisher = {ACM},
 address = {New York, NY, USA},
 keywords = {animation, face modeling, motion capture},
}
@article{ghosh2011multiview,
 author = {Ghosh, Abhijeet and Fyffe, Graham and Tunwattanapong, Borom and Busch, Jay and Yu, Xueming and Debevec, Paul},
 title = {Multiview Face Capture Using Polarized Spherical Gradient Illumination},
 journal = {ACM Transactions on Graphics},
 issue_date = {December 2011},
 volume = {30},
 number = {6},
 month = dec,
 year = {2011},
 issn = {0730-0301},
 pages = {129:1--129:10},
 articleno = {129},
 numpages = {10},
 url = {http://doi.acm.org/10.1145/2070781.2024163},
 doi = {10.1145/2070781.2024163},
 acmid = {2024163},
 publisher = {ACM},
 address = {New York, NY, USA},
 keywords = {computational illumination, face capture, message passing, polarization},
}
% mapping application in archaeology
@article{lerma2010terrestrial,
  title = "Terrestrial laser scanning and close range photogrammetry for 3D archaeological documentation: the Upper Palaeolithic Cave of Parpalló as a case study ",
  journal = "Journal of Archaeological Science ",
  volume = "37",
  number = "3",
  pages = "499 - 507",
  year = "2010",
  note = "",
  issn = "0305-4403",
  doi = "http://dx.doi.org/10.1016/j.jas.2009.10.011",
  url = "http://www.sciencedirect.com/science/article/pii/S0305440309003781",
  author = "José Luis Lerma and Santiago Navarro and Miriam Cabrelles and Valentín Villaverde",
  keywords = "Terrestrial laser scanning",
  keywords = "Close range photogrammetry",
  keywords = "Documentation",
  keywords = "Rock art",
  keywords = "Cave",
  keywords = "Interpretation",
  keywords = "Analysis "
}
% fast moving cloth, single pic motion capture, parameterized model
@article{pritchard2003cloth,
  author = {Pritchard, D. and Heidrich, W.},
  title = {Cloth Motion Capture},
  journal = {Computer Graphics Forum},
  volume = {22},
  number = {3},
  publisher = {Blackwell Publishing, Inc},
  issn = {1467-8659},
  url = {http://dx.doi.org/10.1111/1467-8659.00673},
  doi = {10.1111/1467-8659.00673},
  pages = {263--271},
  year = {2003},
}
% reviews; cool comparison of sensors
@article{remondino2011heritage,
  title={Heritage recording and 3D modeling with photogrammetry and 3D scanning},
  author={Remondino, Fabio},
  journal={Remote Sensing},
  volume={3},
  number={6},
  pages={1104--1138},
  year={2011},
  publisher={Molecular Diversity Preservation International}
}

% }}}
-- rekisteröinti, träkkäys, animointi {{{
% static scans and scene flow
@inproceedings{pons2005modelling,
  title={Modelling dynamic scenes by registering multi-view image sequences},
  author={Pons, J-P and Keriven, Renaud and Faugeras, Olivier},
  booktitle={IEEE Computer Society Conference on Computer Vision and Pattern Recognition (CVPR)},
  volume={2},
  pages={822--827},
  year={2005},
  organization={IEEE}
}
% practical issues on icp
@inproceedings{rusinkiewicz2001efficient,
  title={Efficient variants of the {ICP} algorithm},
  author={Rusinkiewicz, Szymon and Levoy, Marc},
  booktitle={Third International Conference on 3-D Digital Imaging and Modeling},
  pages={145--152},
  year={2001},
  organization={IEEE}
}
% joining scanned statues for complete view coverage
@article{huber2003fully,
  title={Fully automatic registration of multiple {3D} data sets},
  author={Huber, Daniel F and Hebert, Martial},
  journal={Image and Vision Computing},
  volume={21},
  number={7},
  pages={637--650},
  year={2003},
  publisher={Elsevier}
}
% combining mvs views for scanning a machined object
@article{eggert1998simultaneous,
  title = "Simultaneous Registration of Multiple Range Views for Use in Reverse Engineering of {CAD} Models ",
  journal = "Computer Vision and Image Understanding ",
  volume = "69",
  number = "3",
  pages = "253 - 272",
  year = "1998",
  note = "",
  issn = "1077-3142",
  doi = "http://dx.doi.org/10.1006/cviu.1998.0667",
  url = "http://www.sciencedirect.com/science/article/pii/S1077314298906671",
  author = "David W. Eggert and Andrew W. Fitzgibbon and Robert B. Fisher"
}
% icp registration
@article{zhang1994iterative,
 author = {Zhang, Zhengyou},
 title = {Iterative Point Matching for Registration of Free-form Curves and Surfaces},
 journal = {International Journal of Computer Vision},
 issue_date = {Oct. 1994},
 volume = {13},
 number = {2},
 month = oct,
 year = {1994},
 issn = {0920-5691},
 pages = {119--152},
 numpages = {34},
 url = {http://dx.doi.org/10.1007/BF01427149},
 doi = {10.1007/BF01427149},
 acmid = {195970},
 publisher = {Kluwer Academic Publishers},
 address = {Hingham, MA, USA},
}
% retargeting
@article{sumner2004deformation,
 author = {Sumner, Robert W. and Popovi\'{c}, Jovan},
 title = {Deformation Transfer for Triangle Meshes},
 journal = {ACM Transactions on Graphics},
 issue_date = {August 2004},
 volume = {23},
 number = {3},
 month = aug,
 year = {2004},
 issn = {0730-0301},
 pages = {399--405},
 numpages = {7},
 url = {http://doi.acm.org/10.1145/1015706.1015736},
 doi = {10.1145/1015706.1015736},
 acmid = {1015736},
 publisher = {ACM},
 address = {New York, NY, USA},
 keywords = {Animation, Correspondence, Deformations},
}
% 8-view replay, consistent topology
@article{starck2007surface,
  title={Surface capture for performance-based animation},
  author={Starck, Jonathan and Hilton, Adrian},
  journal={IEEE Computer Graphics and Applications},
  volume={27},
  number={3},
  pages={21--31},
  year={2007},
  publisher={IEEE}
}
% old model for parameterizing muscles to vertices
@inproceedings{waters1987muscle,
 author = {Waters, Keith},
 title = {A Muscle Model for Animation Three-dimensional Facial Expression},
 booktitle = {Proceedings of the 14th Annual Conference on Computer Graphics and Interactive Techniques},
 series = {SIGGRAPH '87},
 year = {1987},
 isbn = {0-89791-227-6},
 pages = {17--24},
 numpages = {8},
 url = {http://doi.acm.org/10.1145/37401.37405},
 doi = {10.1145/37401.37405},
 acmid = {37405},
 publisher = {ACM},
 address = {New York, NY, USA},
}
% di4d
@article{al2013new,
  title={A new method for automatic tracking of facial landmarks in {3D} motion captured images ({4D})},
  author={Al-Anezi, T and Khambay, B and Peng, MJ and O’Leary, E and Ju, X and Ayoub, A},
  journal={International journal of oral and maxillofacial surgery},
  volume={42},
  number={1},
  pages={9--18},
  year={2013},
  publisher={Elsevier}
}
% cmt
@inproceedings{nebehay2014consensus,
    author = {Nebehay, Georg and Pflugfelder, Roman},
    booktitle = {Winter Conference on Applications of Computer Vision},
    month = mar,
    publisher = {IEEE},
    title = {Consensus-based Matching and Tracking of Keypoints for Object Tracking},
    year = {2014}
}
% tld
@article{kalal2012tracking,
  title={Tracking-learning-detection},
  author={Kalal, Zdenek and Mikolajczyk, Krystian and Matas, Jiri},
  journal={IEEE Transactions on Pattern Analysis and Machine Intelligence},
  volume={34},
  number={7},
  pages={1409--1422},
  year={2012},
  publisher={IEEE}
}
% klt track
@book{tomasi1991detection,
  title={Detection and tracking of point features},
  author={Tomasi, Carlo and Kanade, Takeo},
  year={1991},
  publisher={School of Computer Science, Carnegie Mellon Univ. Pittsburgh}
}
% klt initial work
@inproceedings{lucas1981iterative,
  title={An iterative image registration technique with an application to stereo vision.},
  author={Lucas, Bruce D and Kanade, Takeo and others},
  booktitle={IJCAI},
  volume={81},
  pages={674--679},
  year={1981}
}
% correspondences, 3d scanner data registration
@article{brown2007global,
 author = {Brown, Benedict J. and Rusinkiewicz, Szymon},
 title = {Global Non-rigid Alignment of {3-D} Scans},
 journal = {ACM Transactions on Graphics},
 issue_date = {July 2007},
 volume = {26},
 number = {3},
 month = jul,
 year = {2007},
 issn = {0730-0301},
 articleno = {21},
 url = {http://doi.acm.org/10.1145/1276377.1276404},
 doi = {10.1145/1276377.1276404},
 acmid = {1276404},
 publisher = {ACM},
 address = {New York, NY, USA},
}
-- }}}
-- tiheä rekonstruktio {{{
% mv cams
@article{carceroni2002multi,
 author = {Carceroni, Rodrigo L. and Kutulakos, Kiriakos N.},
 title = {Multi-View Scene Capture by Surfel Sampling: From Video Streams to Non-Rigid {3D} Motion, Shape and Reflectance},
 journal = {International Journal of Computer Vision},
 issue_date = {September-October 2002},
 volume = {49},
 number = {2-3},
 month = sep,
 year = {2002},
 issn = {0920-5691},
 pages = {175--214},
 numpages = {40},
 url = {http://dx.doi.org/10.1023/A:1020145606604},
 doi = {10.1023/A:1020145606604},
 acmid = {598521},
 publisher = {Kluwer Academic Publishers},
 address = {Hingham, MA, USA},
 keywords = {3D motion capture, 3D reconstruction, Phong reflectance model, deformation analysis, direct estimation methods, illumination modeling, image warping, motion analysis, multi-view motion estimation, multi-view stereo, multiple-view geometry, reflectance modeling, space carving, stereoscopic vision},
}
% aligning mvs photos on accurate depth data for color
@inproceedings{liu2006multiview,
  title={Multiview geometry for texture mapping {2D} images onto {3D} range data},
  author={Liu, Lingyun and Stamos, Ioannis and Yu, Gene and Wolberg, George and Zokai, Siavash},
  booktitle={IEEE Computer Society Conference on Computer Vision and Pattern Recognition},
  volume={2},
  pages={2293--2300},
  year={2006},
  organization={IEEE}
}
% cuda stuff
@article{chang2011gpu,
   title = "{GPU}-friendly multi-view stereo reconstruction using surfel representation and graph cuts ",
   journal = "Computer Vision and Image Understanding ",
   volume = "115",
   number = "5",
   pages = "620 - 634",
   year = "2011",
   note = "Special issue on 3D Imaging and Modelling ",
   issn = "1077-3142",
   doi = "http://dx.doi.org/10.1016/j.cviu.2010.11.017",
   url = "http://www.sciencedirect.com/science/article/pii/S1077314210002559",
   author = "Ju Yong Chang and Haesol Park and In Kyu Park and Kyoung Mu Lee and Sang Uk Lee",
   keywords = "Multi-view stereo",
   keywords = "3D shape reconstruction",
   keywords = "Surfel",
   keywords = "Graph cuts",
   keywords = "{GPU}",
   keywords = "Massive parallel processing "
}
% camera and projector, simple
@article{rocchini2001low,
  author = {Rocchini, C. and Cignoni, P. and Montani, C. and Pingi, P. and Scopigno, R.},
  title = {A low cost 3D scanner based on structured light},
  journal = {Computer Graphics Forum},
  volume = {20},
  number = {3},
  publisher = {Blackwell Publishers Ltd},
  issn = {1467-8659},
  url = {http://dx.doi.org/10.1111/1467-8659.00522},
  doi = {10.1111/1467-8659.00522},
  pages = {299--308},
  keywords = {Global Illumination, Rapid/Interactive Updates, Radiosity, Particle Tracing, Textures, Reconstruction},
  year = {2001},
}
@article{labatut2009robust,
 author = {Labatut, P. and Pons, J.-P. and Keriven, R.},
 title = {Robust and Efficient Surface Reconstruction From Range Data},
 journal = {Computer Graphics Forum},
 volume = {28},
 number = {8},
 publisher = {Blackwell Publishing Ltd},
 issn = {1467-8659},
 url = {http://dx.doi.org/10.1111/j.1467-8659.2009.01530.x},
 doi = {10.1111/j.1467-8659.2009.01530.x},
 pages = {2275--2290},
 keywords = {surface reconstruction, minimum s – t cut, Delaunay triangulation},
 keywords = {I.3.5 [Computer Graphics]: Computational Geometry and Object Modeling},
 year = {2009},
}
% outdoor large scene
@article{vu2012high,
  title={High accuracy and visibility-consistent dense multiview stereo},
  author={Vu, H-H and Labatut, Patrick and Pons, J-P and Keriven, Renaud},
  journal={IEEE Transactions on Pattern Analysis and Machine Intelligence},
  volume={34},
  number={5},
  pages={889--901},
  year={2012},
  publisher={IEEE}
}
% shirt inside white area and halogen lamps
@article{bradley2008markerless,
 author = {Bradley, Derek and Popa, Tiberiu and Sheffer, Alla and Heidrich, Wolfgang and Boubekeur, Tamy},
 title = {Markerless Garment Capture},
 journal = {ACM Transactions on Graphics},
 issue_date = {August 2008},
 volume = {27},
 number = {3},
 month = aug,
 year = {2008},
 issn = {0730-0301},
 pages = {99:1--99:9},
 articleno = {99},
 numpages = {9},
 url = {http://doi.acm.org/10.1145/1360612.1360698},
 doi = {10.1145/1360612.1360698},
 acmid = {1360698},
 publisher = {ACM},
 address = {New York, NY, USA},
 keywords = {cloth modeling, image processing, motion capture, object scanning/acquisition, surface reconstruction},
}
% soft-syncd video cams and led panels
@article{bradley2010high,
 author = {Beeler, Thabo and Hahn, Fabian and Bradley, Derek and Bickel, Bernd and Beardsley, Paul and Gotsman, Craig and Sumner, Robert W. and Gross, Markus},
 title = {High-quality Passive Facial Performance Capture Using Anchor Frames},
 journal = {ACM Transactions on Graphics},
 issue_date = {July 2011},
 volume = {30},
 number = {4},
 month = jul,
 year = {2011},
 issn = {0730-0301},
 pages = {75:1--75:10},
 articleno = {75},
 numpages = {10},
 url = {http://doi.acm.org/10.1145/2010324.1964970},
 doi = {10.1145/2010324.1964970},
 acmid = {1964970},
 publisher = {ACM},
 address = {New York, NY, USA},
 keywords = {facial performance capture, motion capture, space-time geometry reconstruction},
}
% XXX article vs. inproceedings
@inproceedings{beeler2011high,
 author = {Beeler, Thabo and Hahn, Fabian and Bradley, Derek and Bickel, Bernd and Beardsley, Paul and Gotsman, Craig and Sumner, Robert W. and Gross, Markus},
 title = {High-quality Passive Facial Performance Capture Using Anchor Frames},
 booktitle = {ACM SIGGRAPH 2011 Papers},
 series = {SIGGRAPH '11},
 year = {2011},
 isbn = {978-1-4503-0943-1},
 location = {Vancouver, British Columbia, Canada},
 pages = {75:1--75:10},
 articleno = {75},
 numpages = {10},
 url = {http://doi.acm.org/10.1145/1964921.1964970},
 doi = {10.1145/1964921.1964970},
 acmid = {1964970},
 publisher = {ACM},
 address = {New York, NY, USA},
 keywords = {facial performance capture, motion capture, space-time geometry reconstruction},
}
@inproceedings{beeler2010high,
 author = {Beeler, Thabo and Bickel, Bernd and Beardsley, Paul and Sumner, Bob and Gross, Markus},
 title = {High-quality Single-shot Capture of Facial Geometry},
 booktitle = {ACM SIGGRAPH 2010 Papers},
 series = {SIGGRAPH '10},
 year = {2010},
 isbn = {978-1-4503-0210-4},
 location = {Los Angeles, California},
 pages = {40:1--40:9},
 articleno = {40},
 numpages = {9},
 url = {http://doi.acm.org/10.1145/1833349.1778777},
 doi = {10.1145/1833349.1778777},
 acmid = {1778777},
 publisher = {ACM},
 address = {New York, NY, USA},
}

% }}}
-- harva sfm rekonstruktio {{{

same axis, multiple stereo pairs with different baselines
@article{okutomi1993multiple,
  title={A multiple-baseline stereo},
  author={Okutomi, Masatoshi and Kanade, Takeo},
  journal={IEEE Transactions on Pattern Analysis and Machine Intelligence},
  volume={15},
  number={4},
  pages={353--363},
  year={1993},
  publisher={IEEE}
}
% actual math
@article{beardsley1997sequential,
 author = {Beardsley, P. A. and Zisserman, A. and Murray, D. W.},
 title = {Sequential Updating of Projective and Affine Structure from Motion},
 journal = {International Journal of Computer Vision},
 issue_date = {June/July 1997},
 volume = {23},
 number = {3},
 month = jun,
 year = {1997},
 issn = {0920-5691},
 pages = {235--259},
 numpages = {25},
 url = {http://dx.doi.org/10.1023/A:1007923216416},
 doi = {10.1023/A:1007923216416},
 acmid = {261681},
 publisher = {Kluwer Academic Publishers},
 address = {Hingham, MA, USA},
}
% bundle adjustment in general
@incollection{triggs2000bundle,
  title={Bundle adjustment -- a modern synthesis},
  author={Triggs, Bill and McLauchlan, Philip F and Hartley, Richard I and Fitzgibbon, Andrew W},
  booktitle={Vision algorithms: theory and practice},
  pages={298--372},
  year={2000},
  publisher={Springer}
}
% visualsfm
@inproceedings{wu2013towards,
  title={Towards linear-time incremental structure from motion},
  author={Wu, Changchang},
  booktitle={International Conference on 3DTV-Conference},
  pages={127--134},
  year={2013},
  organization={IEEE}
}
% cmp-mvs
@inproceedings{jancosek2011multi,
  title={Multi-view reconstruction preserving weakly-supported surfaces},
  author={Jancosek, Michal and Pajdla, Tom{\'a}s},
  booktitle={IEEE Conference on Computer Vision and Pattern Recognition (CVPR)},
  pages={3121--3128},
  year={2011},
  organization={IEEE}
}
% pmvs
@article{furukawa2010accurate,
  title={Accurate, dense, and robust multiview stereopsis},
  author={Furukawa, Yasutaka and Ponce, Jean},
  journal={IEEE Transactions on Pattern Analysis and Machine Intelligence},
  volume={32},
  number={8},
  pages={1362--1376},
  year={2010},
  publisher={IEEE}
}
% the microsoft project
@article{snavely2006photo,
 author = {Snavely, Noah and Seitz, Steven M. and Szeliski, Richard},
 title = {Photo Tourism: Exploring Photo Collections in 3D},
 journal = {ACM Transactions on Graphics},
 issue_date = {July 2006},
 volume = {25},
 number = {3},
 month = jul,
 year = {2006},
 issn = {0730-0301},
 pages = {835--846},
 numpages = {12},
 url = {http://doi.acm.org/10.1145/1141911.1141964},
 doi = {10.1145/1141911.1141964},
 acmid = {1141964},
 publisher = {ACM},
 address = {New York, NY, USA},
 keywords = {image-based modeling, image-based rendering, photo browsing, structure from motion},
}
% paper for the pba software
@inproceedings{wu2011multicore,
  title={Multicore bundle adjustment},
  author={Wu, Changchang and Agarwal, Sameer and Curless, Brian and Seitz, Steven M},
  booktitle={IEEE Conference on Computer Vision and Pattern Recognition (CVPR)},
  pages={3057--3064},
  year={2011},
  organization={IEEE}
}

% }}}
-- yleinen tietokonegrafiikka {{{
% graph cuts
@article{boykov2004experimental,
  title={An experimental comparison of min-cut/max-flow algorithms for energy minimization in vision},
  author={Boykov, Yuri and Kolmogorov, Vladimir},
  journal={IEEE Transactions on Pattern Analysis and Machine Intelligence},
  volume={26},
  number={9},
  pages={1124--1137},
  year={2004},
  publisher={IEEE}
}
% the brdf paper
@article{nayar1991surface,
  title={Surface reflection: physical and geometrical perspectives},
  author={Nayar, Shree K and Ikeuchi, Katsushi and Kanade, Takeo},
  journal={IEEE transactions on pattern analysis and machine intelligence},
  volume={13},
  number={7},
  pages={611--634},
  year={1991},
  publisher={IEEE Computer Society}
}
% real basics
@inproceedings{horn1981determining,
  title={Determining optical flow},
  author={Horn, Berthold K and Schunck, Brian G},
  booktitle={1981 Technical Symposium East},
  pages={319--331},
  year={1981},
  organization={International Society for Optics and Photonics}
}
% like the horn's paper, hmm
@article{beauchemin1995computation,
  title={The computation of optical flow},
  author={Beauchemin, Steven S. and Barron, John L.},
  journal={ACM Computing Surveys (CSUR)},
  volume={27},
  number={3},
  pages={433--466},
  year={1995},
  publisher={ACM}
}
% all about texture mapping
@article{heckbert1986survey,
  title={Survey of texture mapping},
  author={Heckbert, Paul S},
  journal={IEEE Computer Graphics and Applications},
  volume={6},
  number={11},
  pages={56--67},
  year={1986},
  publisher={IEEE}
}
% the original
@inproceedings{lorensen1987marching,
 author = {Lorensen, William E. and Cline, Harvey E.},
 title = {Marching Cubes: A High Resolution {3D} Surface Construction Algorithm},
 booktitle = {Proceedings of the 14th Annual Conference on Computer Graphics and Interactive Techniques},
 series = {SIGGRAPH '87},
 year = {1987},
 isbn = {0-89791-227-6},
 pages = {163--169},
 numpages = {7},
 url = {http://doi.acm.org/10.1145/37401.37422},
 doi = {10.1145/37401.37422},
 acmid = {37422},
 publisher = {ACM},
 address = {New York, NY, USA},
}
% function from pts with poisson and then march
@inproceedings{kazhdan2006poisson,
  title={Poisson surface reconstruction},
  author={Kazhdan, Michael and Bolitho, Matthew and Hoppe, Hugues},
  booktitle={Proceedings of the fourth Eurographics symposium on Geometry processing},
  year={2006}
}
@article{kazhdan2013screened,
 author = {Kazhdan, Michael and Hoppe, Hugues},
 title = {Screened Poisson Surface Reconstruction},
 journal = {ACM Transactions on Graphics},
 issue_date = {June 2013},
 volume = {32},
 number = {3},
 month = jul,
 year = {2013},
 issn = {0730-0301},
 pages = {29:1--29:13},
 articleno = {29},
 numpages = {13},
 url = {http://doi.acm.org/10.1145/2487228.2487237},
 doi = {10.1145/2487228.2487237},
 acmid = {2487237},
 publisher = {ACM},
 address = {New York, NY, USA},
 keywords = {Screened Poisson equation, adaptive octree, finite elements, surface fitting},
}
% blend shapes and morphing, facial action coding system
@incollection{deng2007computer,
  title={Computer facial animation: A survey},
  author={Deng, Zhigang and Noh, Junyong},
  booktitle={Data-Driven 3D Facial Animation},
  pages={1--28},
  year={2007},
  publisher={Springer}
}

% }}}
-- kameroihin liittyvää tietokonegraffaa {{{
% brighntess constancy etc.
@article{horn1974determining,
  title={Determining lightness from an image},
  author={Horn, Berthold KP},
  journal={Computer graphics and image processing},
  volume={3},
  number={4},
  pages={277--299},
  year={1974},
  publisher={Elsevier}
}
% generated water in a box, not so cameraish
@article{bojsen2012tracking,
 author = {Bojsen-Hansen, Morten and Li, Hao and Wojtan, Chris},
 title = {Tracking Surfaces with Evolving Topology},
 journal = {ACM Transactions on Graphics},
 issue_date = {July 2012},
 volume = {31},
 number = {4},
 month = jul,
 year = {2012},
 issn = {0730-0301},
 pages = {53:1--53:10},
 articleno = {53},
 numpages = {10},
 url = {http://doi.acm.org/10.1145/2185520.2185549},
 doi = {10.1145/2185520.2185549},
 acmid = {2185549},
 publisher = {ACM},
 address = {New York, NY, USA},
 keywords = {fluid simulation, implicit surfaces, mesh deformation, non-rigid tracking},
}
% skin reflectance model, scanned lighted around and then relighted
@inproceedings{debevec2000acquiring,
  title={Acquiring the reflectance field of a human face},
  author={Debevec, Paul and Hawkins, Tim and Tchou, Chris and Duiker, Haarm-Pieter and Sarokin, Westley and Sagar, Mark},
  booktitle={Proceedings of the 27th annual conference on Computer graphics and interactive techniques},
  pages={145--156},
  year={2000},
  organization={ACM Press/Addison-Wesley Publishing Co.}
}

% }}}
-- mocap {{{

% text-only survey
@article{moeslund2001survey,
 author = {Moeslund, Thomas B. and Granum, Erik},
 title = {A Survey of Computer Vision-based Human Motion Capture},
 journal = {Computer Vision and Image Understanding},
 issue_date = {March 2001},
 volume = {81},
 number = {3},
 month = mar,
 year = {2001},
 issn = {1077-3142},
 pages = {231--268},
 numpages = {38},
 url = {http://dx.doi.org/10.1006/cviu.2000.0897},
 doi = {10.1006/cviu.2000.0897},
 acmid = {376905},
 publisher = {Elsevier Science Inc.},
 address = {New York, NY, USA},
}
% also a text-only survey
@article{moeslund2006survey,
 author = {Moeslund, Thomas B. and Hilton, Adrian and Kr\"{u}ger, Volker},
 title = {A Survey of Advances in Vision-based Human Motion Capture and Analysis},
 journal = {Computer Vision and Image Understanding},
 issue_date = {November 2006},
 volume = {104},
 number = {2},
 month = nov,
 year = {2006},
 issn = {1077-3142},
 pages = {90--126},
 numpages = {37},
 url = {http://dx.doi.org/10.1016/j.cviu.2006.08.002},
 doi = {10.1016/j.cviu.2006.08.002},
 acmid = {1225846},
 publisher = {Elsevier Science Inc.},
 address = {New York, NY, USA},
 keywords = {human motion, initialization, pose estimation, recognition, review, tracking},
}
% }}}
-- kirjastot {{{

@misc{opencv,
  title={{OpenCV}},
  author={Garage, Willow and Itseez},
  howpublished={\url{http://opencv.org}},
  note={Accessed 2014-04-18}
}
@misc{pcl,
  title={{Point Cloud Library}},
  author={Garage, Willow and Perception, Open},
  howpublished={\url{http://pointclouds.org}},
  note={Accessed 2014-04-18}
}
@misc{cgal,
  title={Computational Geometry Algorithms Library},
  author={CGAL project},
  howpublished={\url{http://www.cgal.org}},
  note={Accessed 2014-04-18}
}
@misc{camcalmatlab,
  title={{Camera Calibration Toolbox for Matlab}},
  author={Bouguet, Jean-Yves},
  howpublished={\url{http://www.vision.caltech.edu/bouguetj/calib_doc/}},
  note={Accessed 2014-04-18}
}

% }}}
-- softaa {{{

@article{changchang2007siftgpu,
  title={{SiftGPU}: a {GPU} implementation of scale invariant feature transform ({SIFT})},
  author={Wu, Changchang},
  journal={University of North Carolina at Chapel Hill. http://www.cs.unc.edu/~ccwu/siftgpu},
  year={2007}
}
@misc{vedaldi2011sift++,
  title={{SIFT++, a lightweight C++ implementation of SIFT, http://vision.ucla.edu/~vedaldi/code/siftpp/siftpp.html}},
  author={Vedaldi, Andrea},
  year={2011}
}
@mastersthesis{eugster2011slowmovideo,
  title={slowmoVideo: Slow-motion for video with Optical Flow},
  author={Eugster, Simon A.},
  year={2011},
  school={ETH Zürich}
}
@misc{moulon2011python,
  title={Python Photogrammetry Toolbox: A free solution for Three-Dimensional Documentation},
  author={Moulon, Pierre and Bezzi, Alessandro and others},
  year={2011}
}
@article{furukawa2012patch,
  title={{Patch-based Multi-view Stereo Software (PMVS-Version 2)}},
  author={Furukawa, Yasutaka and Ponce, Jean},
  journal={PMVS2, University of Washington, Department of Computer Science and Engineering},
  volume={14},
  year={2012}
}
@misc{motionscan,
  title={MotionScan},
  author={Depth Analysis},
  howpublished={\url{http://depthanalysis.com/motionscan/capture/}},
  note={Accessed 2014-04-18}
}
@misc{photosynth,
  title={Photosynth},
  author={Microsoft Corporation},
  howpublished={\url{http://photosynth.net}},
  note={Accessed 2014-04-18}
}
@misc{meshlab,
  title={Meshlab},
  author={ISTI-CNR},
  howpublished={\url{http://meshlab.sourceforge.net}},
  note={Accessed 2014-04-18}
}
@misc{magiclantern,
  title={{Magic Lantern}},
  key={MagicLantern},
  howpublished={\url{http://www.magiclantern.fm}},
  note={Accessed 2014-10-22}
}
@misc{magiclanternforum,
  title={{Magic Lantern Forum}},
  key={MagicLanternForum},
  howpublished={\url{http://www.magiclantern.fm/forum/}},
  note={Accessed 2014-10-22}
}
@misc{canonedsdk,
  title={{ED-SDK}},
  author={{Canon Digital Imaging Developer Programme}},
  howpublished={\url{https://www.didp.canon-europa.com}},
  note={Accessed 2014-10-22}
}
@misc{eaglepcb,
  title={{EAGLE PCB Design Software}},
  author={{CadSoft Inc.}},
  howpublished={\url{http://www.cadsoftusa.com/eagle-pcb-design-software/}},
  note={Accessed 2014-10-22}
}
@misc{mbednucleo,
  title={{ST Nucleo F401RE}},
  author={{Mbed}},
  howpublished={\url{http://developer.mbed.org/platforms/ST-Nucleo-F401RE/}},
  note={Accessed 2014-10-22}
}
@misc{gphoto2,
  title={{gPhoto}},
  key={gPhoto},
  howpublished={\url{http://www.gphoto.org}},
  note={Accessed 2014-10-22}
}
@misc{wxwidgets,
  title={{wxWidgets}},
  key={wxWidgets},
  howpublished={\url{https://www.wxwidgets.org}},
  note={Accessed 2014-10-22}
}

@misc{autodesk123dcatch,
  title={{123D Catch}},
  author={{Autodesk}},
  howpublished={\url{http://www.123dapp.com/catch}},
  note={Accessed 2014-10-22}
}
@misc{photoscan,
  title={Photoscan},
  author={{Agisoft}},
  howpublished={\url{http://www.agisoft.com}},
  note={Accessed 2014-10-22}
}
@misc{faceshift,
  title={Faceshift},
  author={{Faceshift AG}},
  howpublished={\url{http://www.faceshift.com/product/}},
  note={Accessed 2014-10-22}
}
@misc{3dfzephyr,
  title={{3DF Zephyr Pro}},
  author={{3DFlow}},
  howpublished={\url{http://www.3dflow.net/3df-zephyr-pro-3d-models-from-photos/}},
  note={Accessed 2014-10-22}
}
@misc{alterego,
  title={Alter Ego Facial Performance},
  author={{Pendulum Studios}},
  howpublished={\url{http://www.studiopendulum.com/?page_id=204}},
  note={Accessed 2014-10-22}
}
@misc{pix4d,
  title={{Pix4DMapper}},
  author={{Pix4D}},
  howpublished={\url{http://pix4d.com/products/}},
  note={Accessed 2014-10-22}
}
@misc{acute3d,
  title={{Smart3DCapture}},
  author={{Acute3D}},
  howpublished={\url{http://www.acute3d.com/smart3dcapture/}},
  note={Accessed 2014-10-22}
}
@misc{faro,
  title={Software Solutions},
  author={{FARO}},
  howpublished={\url{http://www.faro.com/en-us/products/faro-software}},
  note={Accessed 2014-10-22}
}
@misc{di4d,
  title={{Di4D}},
  author={{Dimensional Imaging Ltd.}},
  howpublished={\url{http://www.di4d.com/index.html}},
  note={Accessed 2014-10-22}
}
@misc{pixelfarm,
  title={Pixel Farm},
  author={{The Pixel Farm Ltd.}},
  howpublished={\url{http://www.thepixelfarm.co.uk/}},
  note={Accessed 2014-10-22}
}
@misc{3dequalizer,
  title={{3DEqualizer}},
  author={{Science-D-Visions}},
  howpublished={\url{http://www.sci-d-vis.com/index.php#?site=products&id=products_summary}},
  note={Accessed 2014-10-22}
}
@misc{pluraleyes,
  title={{PluralEyes}},
  author={{Red Giant}},
  howpublished={\url{http://www.redgiant.com/products/all/pluraleyes/}},
  note={Accessed 2014-10-22}
}
@misc{vicon,
  title={{Vicon Motion Systems Inc.}},
  key={Vicon Motion Systems},
  howpublished={\url{http://www.vicon.com}},
  note={Accessed 2014-11-09}
}
@misc{premierepromerge,
  title={Synchronizing audio and video with Merge Clips},
  author={{Adobe}},
  howpublished={\url{http://helpx.adobe.com/premiere-pro/using/synchronizing-audio-video-merge-clips.html}},
  note={Accessed 2014-10-22}
}
@misc{bundlerfaq,
  title={Frequently asked questions about {Bundler}},
  author={{Structure from Motion for Unordered Image Collections}},
  howpublished={\url{http://www.cs.cornell.edu/~snavely/bundler/faq.html}},
  note={Accessed 2014-10-22}
}
@misc{launchpad-gcc-arm,
  title={{GNU tools for ARM Embedded Processors in Launchpad}},
  author={{ARM}},
  howpublished={\url{https://launchpad.net/gcc-arm-embedded}},
  note={Accessed 2014-11-09}
}
@misc{nikonsdk,
  title={{SDKs} for Digital imaging products},
  author={{Nikon Corporation}},
  howpublished={\url{https://sdk.nikonimaging.com/apply/}},
  note={Accessed 2014-11-09}
}
@misc{sonysdk,
  title={{Camera Remote API beta SDK}},
  author={{Sony Corporation}},
  howpublished={\url{https://developer.sony.com/downloads/camera-file/sony-camera-remote-api-beta-sdk/}},
  note={Accessed 2014-11-09}
}
@misc{olympussdk,
  title={Olympus announces Software Developer's Kit to create applications for award-winning digital camera line},
  author={{Olympus Imaging America Inc.}},
  howpublished={\url{http://www.olympusamerica.com/cpg_section/cpg_pressDetails.asp?pressNo=105}},
  note={Accessed 2014-11-09}
}
@misc{ptp,
  title={{PTP} standards},
  author={{Society for imaging science and technology}},
  howpublished={\url{http://www.imaging.org/ist/resources/standards/ptp-standards.cfm}},
  note={Accessed 2014-11-09},
  year={2009}
}
@misc{3dmd,
  title={{3D} imaging systems and software},
  author={{3dMD}},
  howpublished={\url{http://www.3dmd.com}},
  note={Accessed 2014-11-09}
}
@misc{vstars,
  title={{V-STARS}},
  author={{Geodetic Systems Inc.}},
  howpublished={\url{http://www.geodetic.com/products.aspx}},
  note={Accessed 2014-11-09}
}
@misc{datatranslation,
  title={{Digital I/O USB DAQ modules}},
  author={{Data Translation Inc.}},
  howpublished={\url{http://www.datatranslation.com/products/dataacquisition/usb/digital-io/}},
  note={Accessed 2014-11-09}
}
@misc{breezesystemsmulti,
  title={{DSLR Remote Pro Multi-Camera}},
  author={{Breeze Systems}},
  howpublished={\url{http://www.breezesys.com/MultiCamera/index.htm}},
  note={Accessed 2014-11-09}
}
@misc{smartshooter,
  title={Smart Shooter},
  author={{Kuvacode}},
  howpublished={\url{http://kuvacode.com/smart-shooter}},
  note={Accessed 2014-11-09}
}
% }}}
-- rautaa {{{
@misc{tomshw-hddwrite,
  title={{HDD} charts 2013, write throughput average},
  author={{Tom's Hardware}},
  howpublished={\url{http://www.tomshardware.com/charts/hdd-charts-2013/-04-Write-Throughput-Average-h2benchw-3.16,2904.html}},
  note={Accessed 2014-11-08}
}
@misc{tomshw-ssdwrite,
  title={{SSD} charts 2013, {AS-SSD} Sequential write},
  author={{Tom's Hardware}},
  howpublished={\url{http://www.tomshardware.com/charts/ssd-charts-2013/AS-SSD-Sequential-Write,2783.html}},
  note={Accessed 2014-11-08}
}
@misc{tomshw-sdwrite,
  title={{SD} card sequential write benchmarks 2014},
  author={{Tom's Hardware}},
  howpublished={\url{http://www.tomshardware.com/charts/sd-cards-2014/-2-Sequential-Write-MB-s,3473.html}},
  note={Accessed 2014-11-08}
}
@misc{tomshw-cfwrite,
  title={{CompactFlash} card sequential write benchmarks 2014},
  author={{Tom's Hardware}},
  howpublished={\url{http://www.tomshardware.com/charts/compactflash-charts/-2-Sequential-Write-MB-s,3489.html}},
  note={Accessed 2014-11-08}
}
% on cameras, buses, low level stuff on protocols etc
@book{hornberg2007handbook,
  title={Handbook of machine vision},
  author={Hornberg, Alexander},
  year={2007},
  publisher={John Wiley \& Sons}
}
@misc{breezesystemsremote,
  title={Triggering multiple cameras},
  author={{Breeze Systems}},
  howpublished={\url{http://www.breezesys.com/MultiCamera/release.htm}},
  note={Accessed 2014-11-09}
}
@misc{thomann,
  title={Thomann},
  key={Thomann},
  howpublished={\url{https://www.thomann.de/}},
  note={Accessed 2014-10-22}
}
@misc{manfrotto494,
  title={Manfrotto Mini Ball Head 494},
  key={manfrotto494},
  howpublished={\url{http://www.manfrotto.com/mini-ball-head-494}},
  note={Accessed 2015-05-09}
}
@misc{manfrotto035,
  title={Manfrotto Super Clamp},
  key={manfrotto035},
  howpublished={\url{http://www.manfrotto.com/product/0/035/_/Super_Clamp_without_Stud}},
  note={Accessed 2015-05-09}
}
@misc{pocketwizard,
  title={Wireless transmitters and receivers},
  author={PocketWizard},
  key={pockwiz},
  howpublished={\url{http://www.pocketwizard.com/products/transmitter_receiver/}},
  note={Accessed 2015-05-09}
}
@misc{arduino,
  title={Arduino},
  key={ardu},
  howpublished={\url{http://www.arduino.cc}},
  note={Accessed 2015-05-09}
}
@misc{docdiy,
  title={{DIY} wired remote control for {Canon EOS} cameras},
  author={Lukasz Panek},
  howpublished={\url{http://www.doc-diy.net/photo/eos_wired_remote/}},
  note={Accessed 2014-10-22}
}
@misc{stnucleo,
  title={{Nucleo-F401RE STM32 Nucleo development board}},
  author={{STMicroelectronics}},
  howpublished={\url{http://st.com/nucleoF401RE-pr}},
  note={Accessed 2014-10-22}
}
@misc{tlp621,
  title={{TLP621}, {TLP621-2}, {TLP621-4} optocouplers (datasheet)},
  author={{Toshiba}},
  howpublished={\url{http://www.farnell.com/datasheets/57440.pdf}},
  note={Accessed 2014-10-22}
}
@misc{sdcardspeed,
  title={{SD standard overview: Bus speed}},
  author={{SD Association}},
  key={sdcardbusspeed},
  howpublished={\url{https://www.sdcard.org/developers/overview/bus_speed/}},
  note={Accessed 2015-05-09}
}
% }}}
